<?xml version="1.0" encoding="UTF-8"?>
<record>
  <leader>01065naa#a2200289#c#4500</leader>
  <controlfield tag="003">DE-605</controlfield>
  <controlfield tag="005">20230803154725.0</controlfield>
  <controlfield tag="007">tu</controlfield>
  <controlfield tag="008">950929|1993####xx############|||#|#####c</controlfield>
  <controlfield tag="001">990110714900206441</controlfield>
  <datafield tag="035" ind1=" " ind2=" ">
    <subfield code="a">(DE-605)BT000024700</subfield>
  </datafield>
  <datafield tag="040" ind1=" " ind2=" ">
    <subfield code="a">6/NWBib</subfield>
    <subfield code="b">ger</subfield>
    <subfield code="c">DE-605</subfield>
    <subfield code="d">6</subfield>
    <subfield code="e">rakwb</subfield>
  </datafield>
  <datafield tag="084" ind1=" " ind2=" ">
    <subfield code="a">Euregio</subfield>
    <subfield code="0">https://nwbib.de/spatial#Q1374337</subfield>
    <subfield code="2">nwbib</subfield>
  </datafield>
  <datafield tag="084" ind1=" " ind2=" ">
    <subfield code="a">Messen. Ausstellungen</subfield>
    <subfield code="0">https://nwbib.de/subjects#N548040</subfield>
    <subfield code="2">nwbib</subfield>
  </datafield>
  <datafield tag="100" ind1="1" ind2=" ">
    <subfield code="a">Prause, Klaus</subfield>
    <subfield code="4">aut</subfield>
  </datafield>
  <datafield tag="245" ind1="1" ind2="0">
    <subfield code="a">1. grenzüberschreitende Euregio-Betriebskontakttage in Nordrhein-Westfalen</subfield>
  </datafield>
  <datafield tag="264" ind1=" " ind2="1">
    <subfield code="c">1993</subfield>
  </datafield>
  <datafield tag="689" ind1="0" ind2="0">
    <subfield code="a">Gronau</subfield>
    <subfield code="g">Westfalen</subfield>
    <subfield code="x">Euregio-Betriebskontakttage</subfield>
    <subfield code="g">1992</subfield>
    <subfield code="D">s</subfield>
  </datafield>
  <datafield tag="689" ind1="1" ind2="0">
    <subfield code="a">EUREGIO</subfield>
    <subfield code="g">Körperschaft</subfield>
    <subfield code="D">b</subfield>
    <subfield code="0">(DE-588)2065029-2</subfield>
  </datafield>
  <datafield tag="689" ind1="1" ind2="1">
    <subfield code="a">Messe</subfield>
    <subfield code="g">Wirtschaft</subfield>
    <subfield code="D">s</subfield>
    <subfield code="0">(DE-588)4074745-1</subfield>
  </datafield>
  <datafield tag="035" ind1=" " ind2=" ">
    <subfield code="a">(DE-599)HBZBT000024700</subfield>
  </datafield>
  <datafield tag="960" ind1="1" ind2=" ">
    <subfield code="n">NWBib-6</subfield>
  </datafield>
  <datafield tag="964" ind1="0" ind2="s">
    <subfield code="F">030</subfield>
    <subfield code="A">a|1uc||||||17</subfield>
  </datafield>
  <datafield tag="964" ind1="0" ind2="s">
    <subfield code="F">050</subfield>
    <subfield code="A">a|||||||||||||</subfield>
  </datafield>
  <datafield tag="964" ind1="0" ind2="s">
    <subfield code="F">051</subfield>
    <subfield code="A">at||||||</subfield>
  </datafield>
  <datafield tag="773" ind1="0" ind2="8">
    <subfield code="i">Enthalten in</subfield>
    <subfield code="d"> 1993</subfield>
    <subfield code="w">(DE-600)1070246-5</subfield>
  </datafield>
  <datafield tag="500" ind1=" " ind2=" ">
    <subfield code="a">In: Bürgerbuch Gronau und Epe. - 4. 1993/94 (1993) S. 68, 70-71 : Ill.</subfield>
    <subfield code="9">F:525</subfield>
  </datafield>
  <datafield tag="MBD" ind1=" " ind2=" ">
    <subfield code="M">49HBZ_NETWORK</subfield>
    <subfield code="i">990110714900206441</subfield>
    <subfield code="n">HBZ Network</subfield>
  </datafield>
  <datafield tag="MNG" ind1=" " ind2=" ">
    <subfield code="c">System</subfield>
    <subfield code="f">OTHER</subfield>
    <subfield code="i">marc21</subfield>
    <subfield code="k">01</subfield>
    <subfield code="e">false</subfield>
    <subfield code="d">2023-08-20 05:27:58 Europe/Berlin</subfield>
    <subfield code="g">011071490-HBZ01</subfield>
    <subfield code="j">60</subfield>
    <subfield code="a">import</subfield>
    <subfield code="b">2021-04-06 03:23:36 Europe/Berlin</subfield>
  </datafield>
</record>
